@article{rossi2019modelling,
  title={Modelling Taxi Drivers' Behaviour for the Next Destination Prediction},
  author={Rossi, Alberto and Barlacchi, Gianni and Bianchini, Monica and Lepri, Bruno},
  journal={IEEE Transactions on Intelligent Transportation Systems},
  year={2019},
  publisher={IEEE}
}

@article{gao2018optimize,
  title={Optimize taxi driving strategies based on reinforcement learning},
  author={Gao, Yong and Jiang, Dan and Xu, Yan},
  journal={International Journal of Geographical Information Science},
  volume={32},
  number={8},
  pages={1677--1696},
  year={2018},
  publisher={Taylor \& Francis}
}

@article{SHOU202091,
title = "Optimal passenger-seeking policies on E-hailing platforms using Markov decision process and imitation learning",
journal = "Transportation Research Part C: Emerging Technologies",
year = "2020",
issn = "0968-090X",
author = "Zhenyu Shou and Xuan Di and Jieping Ye and Hongtu Zhu and Hua Zhang and Robert Hampshire",
keywords = "Markov Decision Process (MDP), Imitation learning, E-hailing"
}

@inproceedings{pan2019dissecting,
  title={Dissecting the learning curve of taxi drivers: A data-driven approach},
  author={Pan, Menghai and Li, Yanhua and Zhou, Xun and Liu, Zhenming and Song, Rui and Lu, Hui and Luo, Jun},
  booktitle={Proceedings of the 2019 SIAM International Conference on Data Mining},
  pages={783--791},
  year={2019},
  organization={SIAM}
}

@inproceedings{fujimoto2019off,
  title={Off-policy deep reinforcement learning without exploration},
  author={Fujimoto, Scott and Meger, David and Precup, Doina},
  booktitle={International Conference on Machine Learning},
  pages={2052--2062},
  year={2019},
  organization={PMLR}
}

@InProceedings{IJCAI2018-torabi,
  author = {Faraz Torabi and Garrett Warnell and Peter Stone},
  title = {Behavioral Cloning from Observation},
  booktitle = {Proceedings of the 27th International Joint Conference on Artificial Intelligence (IJCAI)},
  location = {Stockholm, Sweden},
  month = {July},
  year = {2018},
  wwwnote={Also available from <a href="https://arxiv.org/abs/1805.01954">arXiv</a>},
}

@inproceedings{goecks2020integrating,
  title={Integrating Behavior Cloning and Reinforcement Learning for Improved Performance in Dense and Sparse Reward Environments.},
  author={Goecks, Vinicius G and Gremillion, Gregory M and Lawhern, Vernon J and Valasek, John and Waytowich, Nicholas R},
  booktitle={AAMAS},
  pages={465--473},
  year={2020}
}



@article{hamari2016,
author = {Hamari, Juho and Sjöklint, Mimmi and Ukkonen, Antti},
year = {2016},
month = {09},
pages = {2047-2059},
title = {The Sharing Economy: Why People Participate in Collaborative Consumption},
volume = {67},
journal = {Journal of the Association for Information Science and Technology},
}

@article{journals/corr/abs-1905-07544,
  added-at = {2019-05-28T00:00:00.000+0200},
  author = {Garg, Nikhil and Nazerzadeh, Hamid},
  ee = {http://arxiv.org/abs/1905.07544},
  interhash = {b162623c2df7b379e092953154429561},
  intrahash = {f19c9fc36332ddaf494ad860337fdd39},
  journal = {CoRR},
  keywords = {dblp},
  timestamp = {2019-05-29T11:38:01.000+0200},
  title = {Driver Surge Pricing.},
  volume = {abs/1905.07544},
  year = 2019
}

@inbook{shaheen2019,
author = {Shaheen, Joseph},
year = {2019},
month = {06},
pages = {143-168},
title = {Simulating the Ridesharing Economy: The Individual Agent Metro-Washington Area Ridesharing Model (IAMWARM)},
isbn = {978-3-030-20307-8},
}

@article{Segui-Gasco2019,
author = {Segui-Gasco, Pau and Ballis, Haris and Parisi, Vittoria and Kelsall, David G and North, Robin J and Busquets, Didac},
issn = {1572-9435},
journal = {Transportation},
number = {6},
pages = {2041--2062},
title = {{Simulating a rich ride-share mobility service using agent-based models}},
volume = {46},
year = {2019}
}

@inproceedings{bailey1987,
author = {Bailey, William A. and Clark, Thomas D.},
title = {A Simulation Analysis of Demand and Fleet Size Effects on Taxicab Service Rates},
year = {1987},
isbn = {0911801324},
booktitle = {Proceedings of the 19th Conference on Winter Simulation},
pages = {838–844},
numpages = {7},
location = {Atlanta, Georgia, USA},
series = {WSC '87}
}

@inproceedings{bailey1992,
author = {Bailey, William A. and Clark, Thomas D.},
title = {Taxi Management and Route Control: A Systems Study and Simulation Experiment},
year = {1992},
isbn = {0780307984},
booktitle = {Proceedings of the 24th Conference on Winter Simulation},
pages = {1217–1222},
numpages = {6},
location = {Arlington, Virginia, USA},
series = {WSC '92}
}

@ARTICLE{holland1991,
title = {Artificial Adaptive Agents in Economic Theory},
author = {Holland, John H and Miller, John H},
year = {1991},
journal = {American Economic Review},
volume = {81},
number = {2},
pages = {365-71},
}

@INPROCEEDINGS{kikuchi2002,
    title = {Applicability of an Agent-Based Modeling Concept to Modeling of Transportation Phenomena},
    author = {Kikuchi, Shinya and Rhee, Jongho and Teodorović, Dušan},
    year = {2002},
    month = {01},
    pages = {},
    volume = {12},
    journal = {Yugoslav Journal of Operations Research},
}

@INPROCEEDINGS{lioris2010,
  author={E. {Lioris} and G. {Cohen} and A. {de La Fortelle}},
  booktitle={2010 Second International Conference on Advances in System Simulation}, 
  title={Evaluation of Collective Taxi Systems by Discrete-Event Simulation}, 
  year={2010},
  volume={},
  number={},
  pages={34-39},}
  
  @INPROCEEDINGS{cheng2011,  author={S. {Cheng} and T. D. {Nguyen}},  booktitle={2011 IEEE/WIC/ACM International Conferences on Web Intelligence and Intelligent Agent Technology},   title={TaxiSim: A Multiagent Simulation Platform for Evaluating Taxi Fleet Operations},   year={2011},  volume={2},  number={},  pages={14-21},}
  
  @ARTICLE{clare2011,  author={G. {Clare} and A. G. {Richards}},  journal={IEEE Transactions on Intelligent Transportation Systems},   title={Optimization of Taxiway Routing and Runway Scheduling},   year={2011},  volume={12},  number={4},  pages={1000-1013},}
  
@inproceedings{herbawi2012,
author = {Herbawi, Wesam Mohamed and Weber, Michael},
title = {A Genetic and Insertion Heuristic Algorithm for Solving the Dynamic Ridematching Problem with Time Windows},
year = {2012},
isbn = {9781450311779},
publisher = {Association for Computing Machinery},
address = {New York, NY, USA},
booktitle = {Proceedings of the 14th Annual Conference on Genetic and Evolutionary Computation},
pages = {385–392},
numpages = {8},
keywords = {genetic algorithms, ridesharing, ridematching, heuristics},
location = {Philadelphia, Pennsylvania, USA},
series = {GECCO '12}
}

@INPROCEEDINGS{ota2015,
  author={M. {Ota} and H. {Vo} and C. {Silva} and J. {Freire}},
  booktitle={2015 IEEE International Conference on Big Data (Big Data)}, 
  title={A Scalable Approach for Data-Driven Taxi Ride-sharing Simulation}, 
  year={2015},
  volume={},
  number={},
  pages={888-897},}
  
@article{otterlo2012,
author = {Otterlo, Martijn and Wiering, Marco},
year = {2012},
month = {01},
pages = {3-42},
title = {Reinforcement Learning and Markov Decision Processes},
isbn = {978-3-642-27644-6},
journal = {Reinforcement Learning: State of the Art},
}

@inproceedings{hu1998,
author = {Hu, Junling and Wellman, Michael P.},
title = {Multiagent Reinforcement Learning: Theoretical Framework and an Algorithm},
year = {1998},
isbn = {1558605568},
publisher = {Morgan Kaufmann Publishers Inc.},
address = {San Francisco, CA, USA},
booktitle = {Proceedings of the Fifteenth International Conference on Machine Learning},
pages = {242–250},
numpages = {9},
series = {ICML '98}
}

@inproceedings{lin2018,
author = {Lin, Kaixiang and Zhao, Renyu and Xu, Zhe and Zhou, Jiayu},
title = {Efficient Large-Scale Fleet Management via Multi-Agent Deep Reinforcement Learning},
year = {2018},
isbn = {9781450355520},
publisher = {Association for Computing Machinery},
address = {New York, NY, USA},
booktitle = {Proceedings of the 24th ACM SIGKDD International Conference on Knowledge Discovery \& Data Mining},
pages = {1774–1783},
numpages = {10},
keywords = {fleet management, deep reinforcement learning, multi-agent reinforcement learning},
location = {London, United Kingdom},
series = {KDD '18}
}

@article{SALANOVAGRAU2018294,
title = "Agent-Based Simulation Framework for the Taxi Sector Modeling",
journal = "Procedia Computer Science",
volume = "130",
pages = "294 - 301",
year = "2018",
note = "The 9th International Conference on Ambient Systems, Networks and Technologies (ANT 2018) / The 8th International Conference on Sustainable Energy Information Technology (SEIT-2018) / Affiliated Workshops",
issn = "1877-0509",
author = "Josep Maria {Salanova Grau} and Miquel Estrada and Panagiotis Tzenos and Georgia Aifandopoulou"
}

@inproceedings{zhou2019,
author = {Zhou, Ming and Jin, Jiarui and Zhang, Weinan and Qin, Zhiwei and Jiao, Yan and Wang, Chenxi and Wu, Guobin and Yu, Yong and Ye, Jieping},
title = {Multi-Agent Reinforcement Learning for Order-Dispatching via Order-Vehicle Distribution Matching},
year = {2019},
isbn = {9781450369763},
publisher = {Association for Computing Machinery},
address = {New York, NY, USA},
booktitle = {Proceedings of the 28th ACM International Conference on Information and Knowledge Management},
pages = {2645–2653},
numpages = {9},
keywords = {ride-hailing, order-dispatching, deep reinforcement learning, multi-agent reinforcement learning},
location = {Beijing, China},
series = {CIKM '19}
}

@INPROCEEDINGS{nguyen2019,
  author={T. {Nguyen} and N. D. {Nguyen} and S. {Nahavandi}},
  booktitle={2019 IEEE International Conference on Industrial Technology (ICIT)}, 
  title={Multi-Agent Deep Reinforcement Learning with Human Strategies}, 
  year={2019},
  volume={},
  number={},
pages={1357-1362},}
  
@misc{zheng2020ai,
    title={The AI Economist: Improving Equality and Productivity with AI-Driven Tax Policies},
    author={Stephan Zheng and Alexander Trott and Sunil Srinivasa and Nikhil Naik and Melvin Gruesbeck and David C. Parkes},
    year={2020},
    eprint={2004.13332},
    archivePrefix={arXiv},
    primaryClass={econ.GN}
}  

@inproceedings{bellemare2017,
author = {Bellemare, Marc G. and Dabney, Will and Munos, R\'{e}mi},
title = {A Distributional Perspective on Reinforcement Learning},
year = {2017},
publisher = {JMLR.org},
booktitle = {Proceedings of the 34th International Conference on Machine Learning - Volume 70},
pages = {449–458},
numpages = {10},
location = {Sydney, NSW, Australia},
series = {ICML'17}
}

@incollection{konda2000,
title = {Actor-Critic Algorithms},
author = {Vijay R. Konda and John N. Tsitsiklis},
booktitle = {Advances in Neural Information Processing Systems 12},
editor = {S. A. Solla and T. K. Leen and K. M\"{u}ller},
pages = {1008--1014},
year = {2000},
publisher = {MIT Press},
}

@inproceedings{mnih2016,
author = {Mnih, Volodymyr and Badia, Adri\`{a} Puigdom\`{e}nech and Mirza, Mehdi and Graves, Alex and Harley, Tim and Lillicrap, Timothy P. and Silver, David and Kavukcuoglu, Koray},
title = {Asynchronous Methods for Deep Reinforcement Learning},
year = {2016},
publisher = {JMLR.org},
booktitle = {Proceedings of the 33rd International Conference on International Conference on Machine Learning - Volume 48},
pages = {1928–1937},
numpages = {10},
location = {New York, NY, USA},
series = {ICML'16}
}

@article{Mnih2015,
author = {Mnih, Volodymyr and Kavukcuoglu, Koray and Silver, David and Rusu, Andrei A and Veness, Joel and Bellemare, Marc G and Graves, Alex and Riedmiller, Martin and Fidjeland, Andreas K and Ostrovski, Georg and Petersen, Stig and Beattie, Charles and Sadik, Amir and Antonoglou, Ioannis and King, Helen and Kumaran, Dharshan and Wierstra, Daan and Legg, Shane and Hassabis, Demis},
issn = {1476-4687},
journal = {Nature},
number = {7540},
pages = {529--533},
title = {{Human-level control through deep reinforcement learning}},
volume = {518},
year = {2015}
}

@inproceedings{sutton1999,
author = {Sutton, Richard S. and McAllester, David and Singh, Satinder and Mansour, Yishay},
title = {Policy Gradient Methods for Reinforcement Learning with Function Approximation},
year = {1999},
publisher = {MIT Press},
address = {Cambridge, MA, USA},
booktitle = {Proceedings of the 12th International Conference on Neural Information Processing Systems},
pages = {1057–1063},
numpages = {7},
location = {Denver, CO},
series = {NIPS'99}
}

@inproceedings{Hausknecht2015DeepRQ,
  title={Deep Recurrent Q-Learning for Partially Observable MDPs},
  author={Matthew J. Hausknecht and P. Stone},
  booktitle={AAAI Fall Symposia},
  year={2015}
}

@inproceedings{ng2004,
author = {Abbeel, Pieter and Ng, Andrew Y.},
title = {Apprenticeship Learning via Inverse Reinforcement Learning},
year = {2004},
isbn = {1581138385},
publisher = {Association for Computing Machinery},
address = {New York, NY, USA},
booktitle = {Proceedings of the Twenty-First International Conference on Machine Learning},
pages = {1},
numpages = {8},
location = {Banff, Alberta, Canada},
series = {ICML '04}
}

@article{Baker2020EmergentTU,
  title={Emergent Tool Use From Multi-Agent Autocurricula},
  author={Bowen Baker and I. Kanitscheider and T. Markov and Yi Wu and Glenn Powell and Bob McGrew and Igor Mordatch},
  journal={ArXiv},
  year={2020},
  volume={abs/1909.07528}
}


